@book{baseline,
  author    = {7.3.1},
  title     = {7.3.2},
  subtitle  = {},
  edition   = {7.3.3}, 
  address   = {7.3.4},
  publisher = {7.3.5},
  year      = {7.3.6},
  pages     = {7.4.1}
} 

@book{nakamura2007,
  title     = {Segurança de redes em ambientes cooperativos},
  author    = {Nakamura, Emilio Tissato and de Geus, Paulo Lício},
  edition   = {2},
  year      = {2007},
  address   = {São Paulo},
  publisher = {Novatec Editora},
  pages     = {482}
}

@book{kurose2014,
  title     = {Redes de computadores e a Internet},
  subtitle  = {uma abordagem top-down},
  author    = {Kurose, James F and Ross, Keith W},
  edition   = {6},
  year      = {2014},
  address   = {São Paulo},
  publisher = {Pearson},
  pages     = {634}
}

@misc{michaelis2015,
  publisher     = {Editora Melhoramentos},
  url           = {https://michaelis.uol.com.br/},
  author        = {Michaelis},
  title         = {Dicionário Brasileiro da Língua Portuguesa},
  year          = {2015},
  address       = {São Paulo},
  urlaccessdate = {17 mai. 2020}
}

@misc{rfc6598,
  series        = {Request for Comments},
  number        = 6598,
  howpublished  = {RFC 6598},
  publisher     = {RFC Editor},
  doi           = {10.17487/RFC6598},
  url           = {https://rfc-editor.org/rfc/rfc6598.txt},
  author        = {Jason Weil and Victor Kuarsingh and Chris Donley and Christopher Liljenstolpe and Marla Azinger},
  title         = {{IANA-Reserved IPv4 Prefix for Shared Address Space}},
  pagetotal     = 11,
  year          = 2012,
  urlaccessdate = {16 mai. 2020}
}

@misc{rfc1918,
  series        = {Request for Comments},
  number        = 1918,
  howpublished  = {RFC 1918},
  publisher     = {RFC Editor},
  doi           = {10.17487/RFC1918},
  url           = {https://rfc-editor.org/rfc/rfc1918.txt},
  author        = {Robert Moskowitz and Daniel Karrenberg and Yakov Rekhter and Eliot Lear and Geert Jan de Groot},
  title         = {{Address Allocation for Private Internets}},
  pagetotal     = 9,
  year          = 1996,
  urlaccessdate = {22 mai. 2020}
}

@misc{rfc6888,
  series        = {Request for Comments},
  number        = 6888,
  howpublished  = {RFC 6888},
  publisher     = {RFC Editor},
  doi           = {10.17487/RFC6888},
  url           = {https://rfc-editor.org/rfc/rfc6888.txt},
  author        = {Simon Perreault and Ikuhei Yamagata and Shin Miyakawa and Akira Nakagawa and Hiroyuki Ashida},
  title         = {{Common Requirements for Carrier-Grade NATs (CGNs)}},
  pagetotal     = 15,
  year          = 2013,
  urlaccessdate = {23 mai. 2020}
}

@misc{lei12965,
  series        = {Diário Oficial da União},
  number        = {77},
  howpublished  = {Lei nº 12.965/2014},
  publisher     = {Imprensa Nacional},
  issn          = {1677-7042},
  url           = {http://pesquisa.in.gov.br/imprensa/jsp/visualiza/index.jsp?data=24/04/2014&jornal=1&pagina=1&totalArquivos=124},
  author        = {Brasil},
  title         = {Lei nº 12.965, de 23 de abril de 2014},
  subtitle      = {Estabelece princípios, garantias, direitos e deveres para o uso da Internet no Brasil}, 
  pagetotal     = 124,
  address       = {Brasília},
  year          = {2014},
  urlaccessdate = {23 mai. 2020}
}

@misc{natmikrotik,
  publisher     = {Mikrotik wiki},
  url           = {https://wiki.mikrotik.com/wiki/Manual:IP/Firewall/NAT},
  author        = {},
  title         = {Mikrotik documentation},
  subtitle      = {{M}anual:{IP}/{F}irewall/{NAT}},
  year          = {2020},
  address       = {},
  urlaccessdate = {24 mai. 2020}
}
